%% LaTeX2e file `main.bib'
%% generated by the `filecontents' environment
%% from source `main' on 2023/12/20.
%%
%-------------------------------------------------------------------------------
@book{arpachiDusseau18:osbook,
  author    = {Arpaci-Dusseau, Remzi H. and Arpaci-Dusseau Andrea C.},
  title     = {Operating Systems: Three Easy Pieces},
  publisher = {Arpaci-Dusseau Books, LLC},
  year      = 2015,
  edition   = {1.00},
  note      = {\url{http://pages.cs.wisc.edu/~remzi/OSTEP/}}
}
@inproceedings{waldspurger02,
  author    = {Waldspurger, Carl A.},
  title     = {Memory resource management in {VMware ESX} server},
  booktitle = {USENIX Symposium on Operating System Design and
               Implementation (OSDI)},
  year      = 2002,
  pages     = {181--194},
  note      = {\url{https://www.usenix.org/legacy/event/osdi02/tech/waldspurger/waldspurger.pdf}}
}

@inproceedings{lsvd,
  title     = {Beating the I/O bottleneck: a case for log-structured virtual disks},
  author    = {Hajkazemi, Mohammad Hossein and Aschenbrenner, Vojtech and Abdi, Mania and Kaynar, Emine Ugur and Mossayebzadeh, Amin and Krieger, Orran and Desnoyers, Peter},
  booktitle = {Proceedings of the Seventeenth European Conference on Computer Systems},
  pages     = {628--643},
  year      = {2022}
}